@misc{chequeadoCondenados,
	howpublished = {\url{https://chequeado.com/ultimas-noticias/martin-casares-por-primera-vez-en-la-historia-en-2017-el-porcentaje-de-condenados-supero-al-de-procesados/}}
}

@misc{chequeadoInmigrantes,
	howpublished = {\url{https://chequeado.com/ultimas-noticias/pichetto-el-20-de-los-presos-en-carceles-argentinas-son-extranjeros/}}
}